@ONLINE{web:udc,
    author = "Teacode",
    title = "Справочник УДК",
    month = "12",
    year = "2022",
    url = "http://teacode.com/online/udc/index.html"
}

@ONLINE{web:docs,
    author = "Информационная компания Кодекс",
    title = "Электронный фонд правовой и нормативно-технической информации",
    month = "12",
    year = "2022",
    url = "https://docs.cntd.ru/"
}

@ONLINE{web:min-educ,
    author = "Министерство просвещения России",
    title = "Международный день слепых",
    month = "12",
    year = "2022",
    url = "https://edu.gov.ru/",
}

@ONLINE{web:wiki-chess,
    author = "Википедия",
    title = "Шахматы",
    month = "12",
    year = "2022",
    url = "https://ru.wikipedia.org/wiki/Шахматы"
}

@ONLINE{web:wiki-chess-history,
    author = "Википедия",
    title = "История шахмат",
    month = "12",
    year = "2022",
    url = "https://ru.wikipedia.org/wiki/История_шахмат"
}

@ONLINE{web:wiki-vim,
    author = "Википедия",
    title = "Vim",
    month = "01",
    year = "2023",
    url = "https://ru.wikipedia.org/wiki/Vim"
}

@ONLINE{web:wiki-latex,
    author = "Википедия",
    title = "LaTeX",
    month = "01",
    year = "2023",
    url = "https://ru.wikipedia.org/wiki/LaTeX"
}

@ONLINE{web:wiki-ibca,
    author="Википедия",
    title="Международная ассоциация незрячих шахматистов",
    month="01",
    year="2023",
    url ="https://ru.wikipedia.ru/wiki/Международная_ассоциация_незрячих_шахматистов"
}

@ONLINE{web:wiki-chess-notation,
    author = "Википедия",
    title = "Шахматная нотация",
    month = "01",
    year = "2023",
    url = "https://ru.wikipedia.ru/wiki/Шахматная_нотация"
}

@ONLINE{web:stack,
    author = "Rainbowsoft",
    title = "Применяемый стек технологий",
    month = "01",
    year = "2023",
    url = "http://rainbowsoft.ru/technology_stack",
}

@ONLINE{web:wiki-banner,
    author = "Википедия",
    title = "Баннер",
    month = "01",
    year = "2023",
    url = "https://ru.wikipedia.ru/wiki/Баннер",
}

@ONLINE{web:merani,
    author = "Компания ``Мерани''",
    title = "Экологичность фанеры",
    month = "01",
    year = "2023",
    url = "https://www.merani.ru/press-tsentr/stati/ekologichnost-fanery/",
}

@ONLINE{web:kleysnab,
    author = "Компания ``КлейСнаб''",
    title = "Клей ПВА универсальный --- свойства, технические характеристики и виды",
    month = "01",
    year = "2023",
    url = "https://www.kleysnab.ru/blog/kley-pva-xarakteristiki-i-opisanie",
}

@ONLINE{web:blind-chess-price-min,
    author = "ООО ``Конвекта''",
    title = "Шахматы для слепых купить",
    month = "01",
    year = "2023",
    URL = "https://купитьшахматы.рф/шахматы/турнирные-классические/шахматы-для-слепых/",
}

@ONLINE{web:blind-chess-price-max,
    author = "ООО ``Исток Аудио Трейдинг''",
    title = "Шахматы для незрячих",
    month = "01",
    year = "2023",
    URL = "https://www.smartaids.ru/catalog/product/shakhmaty-dlya-nezryachikh/"
}

@ONLINE{web:gold-ratio,
    author = "Википедия",
    title = "Золотое сечение",
    month = "01",
    year = "2023",
    URL = "https://ru.wikipedia.org/wiki/%D0%97%D0%BE%D0%BB%D0%BE%D1%82%D0%BE%D0%B5_%D1%81%D0%B5%D1%87%D0%B5%D0%BD%D0%B8%D0%B5"
}

@ONLINE{web:gimp,
    author = "Википедия",
    title = "GIMP",
    month = "01",
    year = "2023",
    URL = "https://ru.wikipedia.org/wiki/GIMP",
}

@ONLINE{web:gradient,
    author = "Википедия",
    title = "Градиент",
    month ="01",
    year = "2023",
    URL = "https://ru.wikipedia.org/wiki/%D0%93%D1%80%D0%B0%D0%B4%D0%B8%D0%B5%D0%BD%D1%82",
}

@ONLINE{web:inkscape,
    author = "Википедия",
    title = "Inkscape",
    month = "02",
    year = "2023",
    URL = "https://ru.wikipedia.org/wiki/Inkscape",
}
